<?xml version="1.0" encoding="UTF-8"?><record xmlns="http://www.loc.gov/MARC21/slim" xmlns:cinclude="http://apache.org/cocoon/include/1.0" xmlns:zs="http://www.loc.gov/zing/srw/">
  <leader>00458cz  a2200145n  4500</leader>
  <controlfield tag="001">n  87879558 </controlfield>
  <controlfield tag="003">DLC</controlfield>
  <controlfield tag="005">20080319080448.0</controlfield>
  <controlfield tag="008">871020n| acannaabn          |a aaa      </controlfield>
  <datafield tag="010" ind1=" " ind2=" ">
    <subfield code="a">n  87879558 </subfield>
  </datafield>
  <datafield tag="035" ind1=" " ind2=" ">
    <subfield code="a">(OCoLC)oca01965243</subfield>
  </datafield>
  <datafield tag="040" ind1=" " ind2=" ">
    <subfield code="a">DLC</subfield>
    <subfield code="b">eng</subfield>
    <subfield code="c">DLC</subfield>
    <subfield code="d">OCoLC</subfield>
  </datafield>
  <datafield tag="100" ind1="1" ind2=" ">
    <subfield code="a">Cid Gonza패lez, Roxelia</subfield>
  </datafield>
  <datafield tag="400" ind1="1" ind2=" ">
    <subfield code="a">Gonza패lez, Roxelia Cid</subfield>
  </datafield>
  <datafield tag="670" ind1=" " ind2=" ">
    <subfield code="a">Chouza Mata, M. As a패rbores, 1986:</subfield>
    <subfield code="b">t.p. (Roxelia Cid Gonza패lez; of the Sociedade Galega de Historia Natural)</subfield>
  </datafield>
</record>